@article{lillicrap2019backpropagation,
  title={Backpropagation through time and the brain},
  author={Lillicrap, Timothy P and Santoro, Adam},
  journal={Current opinion in neurobiology},
  volume={55},
  pages={82--89},
  year={2019},
  publisher={Elsevier}
}
@article{whittington2019theories,
  title={Theories of error back-propagation in the brain},
  author={Whittington, James CR and Bogacz, Rafal},
  journal={Trends in cognitive sciences},
  volume={23},
  number={3},
  pages={235--250},
  year={2019},
  publisher={Elsevier}
}
@article{hornik1989multilayer,
  title={Multilayer feedforward networks are universal approximators.},
  author={Hornik, Kurt and Stinchcombe, Maxwell and White, Halbert and others},
  journal={Neural networks},
  volume={2},
  number={5},
  pages={359--366},
  year={1989}
}
@article{wang2002probabilistic,
  title={Probabilistic decision making by slow reverberation in cortical circuits},
  author={Wang, Xiao-Jing},
  journal={Neuron},
  volume={36},
  number={5},
  pages={955--968},
  year={2002},
  publisher={Elsevier}
}
@article{kalchbrenner2014convolutional,
  title={A convolutional neural network for modelling sentences},
  author={Kalchbrenner, Nal and Grefenstette, Edward and Blunsom, Phil},
  journal={arXiv preprint arXiv:1404.2188},
  year={2014}
}